@inproceedings{2019NSFWbaseline,
  title={A baseline for NSFW video detection in e-learning environments},
  author={de Freitas, Pedro VA and Santos, Gabriel NP dos and Busson, Antonio JG and Guedes, {\'A}lan LV and Colcher, S{\'e}rgio},
  booktitle={Proceedings of the 25th Brazillian Symposium on Multimedia and the Web},
  pages={357--360},
  year={2019}
}
@article{jiang2013features,
  title={High-level event recognition in unconstrained videos},
  author={Jiang, Yu-Gang and Bhattacharya, Subhabrata and Chang, Shih-Fu and Shah, Mubarak},
  journal={International journal of multimedia information retrieval},
  volume={2},
  number={2},
  pages={73--101},
  year={2013},
  publisher={Springer}
}

@inproceedings{chollet2017xception,
  title={Xception: Deep learning with depthwise separable convolutions},
  author={Chollet, Fran{\c{c}}ois},
  booktitle={Proceedings of the IEEE conference on computer vision and pattern recognition},
  pages={1251--1258},
  year={2017}
}

@misc{hafner2016tfrnnvarlength,
  author = {Hafner, Danijar},
  title = {Variable Sequence Lengths in TensorFlow},
  year = {2016},
  howpublished = {Blog post},
  url = {https://danijar.com/variable-sequence-lengths-in-tensorflow/}
}

@inproceedings{snoek2005featurefusion,
  title={Early versus late fusion in semantic video analysis},
  author={Snoek, Cees GM and Worring, Marcel and Smeulders, Arnold WM},
  booktitle={Proceedings of the 13th annual ACM international conference on Multimedia},
  pages={399--402},
  year={2005}
}


@inproceedings{2020PornDetectionSBIE,
  title={A Deep Learning Approach to Detect Pornography Videos in Educational Repositories},
  author={de Freitas, Pedro VA and Busson, Antonio JG and Guedes, {\'A}lan LV and Colcher, S{\'e}rgio},
  booktitle={Anais do XXXI Simp{\'o}sio Brasileiro de Inform{\'a}tica na Educa{\c{c}}{\~a}o},
  pages={1253--1262},
  year={2020},
  organization={SBC}
}


@article{avila2013pooling,
  title     = {Pooling in image representation: The visual codeword point of view},
  author    = {Avila, Sandra and Thome, Nicolas and Cord, Matthieu and Valle, Eduardo and Ara{\'u}Jo, Arnaldo De A},
  journal   = {Computer Vision and Image Understanding},
  volume    = {117},
  number    = {5},
  pages     = {453--465},
  year      = {2013},
  publisher = {Elsevier}
}

@inproceedings{dey2017GRU,
  title={Gate-variants of gated recurrent unit (GRU) neural networks},
  author={Dey, Rahul and Salem, Fathi M},
  booktitle={2017 IEEE 60th international midwest symposium on circuits and systems (MWSCAS)},
  pages={1597--1600},
  year={2017},
  organization={IEEE}
}


@article{horn1981opticalflow,
  title={Determining optical flow},
  author={Horn, Berthold KP and Schunck, Brian G},
  journal={Artificial intelligence},
  volume={17},
  number={1-3},
  pages={185--203},
  year={1981},
  publisher={Elsevier}
}


@misc{remosoftware,
  title     = {If you don’t care about Parental Controls, here’s why you should},
  author    = {John Harris},
  publisher = {Remo Software},
  year      = {2019},
  url       = {https://www.remosoftware.com/info/importance-of-parental-control},
  note      = {Accessed: 2020-07-08}
}
@INPROCEEDINGS{VSD2014,

  author={M. {Schedi} and M. {Sjöberg} and I. {Mironică} and B. {Ionescu} and V. L. {Quang} and Y. {Jiang} and C. {Demarty}},

  booktitle={2015 13th International Workshop on Content-Based Multimedia Indexing (CBMI)}, 

  title={VSD2014: A dataset for violent scenes detection in hollywood movies and web videos}, 

  year={2015},

  volume={},

  number={},

  pages={1-6},

  doi={10.1109/CBMI.2015.7153604}}

@article{moreira2019multimodal,
  title={Multimodal data fusion for sensitive scene localization},
  author={Moreira, Daniel and Avila, Sandra and Perez, Mauricio and Moraes, Daniel and Testoni, Vanessa and Valle, Eduardo and Goldenstein, Siome and Rocha, Anderson},
  journal={Information Fusion},
  volume={45},
  pages={307--323},
  year={2019},
  publisher={Elsevier}
}

@inproceedings{HOG,
  title={Histograms of oriented gradients for human detection},
  author={Dalal, Navneet and Triggs, Bill},
  booktitle={2005 IEEE computer society conference on computer vision and pattern recognition (CVPR'05)},
  volume={1},
  pages={886--893},
  year={2005},
  organization={IEEE}
}
@inproceedings{TROF,
  title={Temporal robust features for violence detection},
  author={Moreira, Daniel and Avila, Sandra and Perez, Mauricio and Moraes, Daniel and Testoni, Vanessa and Valle, Eduardo and Goldenstein, Siome and Rocha, Anderson},
  booktitle={2017 IEEE Winter Conference on Applications of Computer Vision (WACV)},
  pages={391--399},
  year={2017},
  organization={IEEE}
}
@article{simonyan2014VGG,
  title={Very deep convolutional networks for large-scale image recognition},
  author={Simonyan, Karen and Zisserman, Andrew},
  journal={arXiv preprint arXiv:1409.1556},
  year={2014}
}
@inproceedings{szegedy2015Inception,
  title={Going deeper with convolutions},
  author={Szegedy, Christian and Liu, Wei and Jia, Yangqing and Sermanet, Pierre and Reed, Scott and Anguelov, Dragomir and Erhan, Dumitru and Vanhoucke, Vincent and Rabinovich, Andrew},
  booktitle={Proceedings of the IEEE conference on computer vision and pattern recognition},
  pages={1--9},
  year={2015}
}

@book{adams1995hitchhiker,
  title={The Hitchhiker's Guide to the Galaxy},
  author={Adams, D.},
  isbn={9781417642595},
  url={http://books.google.com/books?id=W-xMPgAACAAJ},
  year={1995},
  publisher={San Val}
}
@article{2kdataset,
  title     = {Pornography classification: The hidden clues in video space--time},
  author    = {Moreira, Daniel and Avila, Sandra and Perez, Mauricio and Moraes, Daniel and Testoni, Vanessa and Valle, Eduardo and Goldenstein, Siome and Rocha, Anderson},
  journal   = {Forensic science international},
  volume    = {268},
  pages     = {46--61},
  year      = {2016},
  publisher = {Elsevier}
}
@inproceedings{singh2019kidsguard,
    author = {
        Singh, Shubham and 
        Kaushal, Rishabh and 
        Buduru, Arun Balaji and 
        Kumaraguru, Ponnurangam
    },
    title = {{KidsGUARD: Fine Grained Approach for Child Unsafe Video Representation and Detection}},
    booktitle={Proceedings of the 34th Annual {ACM} Symposium on Applied Computing},
    location = {Limassol, Cyprus},
    year={2019}
}
@article{wold1987principal,
  title={Principal component analysis},
  author={Wold, Svante and Esbensen, Kim and Geladi, Paul},
  journal={Chemometrics and intelligent laboratory systems},
  volume={2},
  number={1-3},
  pages={37--52},
  year={1987},
  publisher={Elsevier}
}
@inproceedings{lee20182nd,
  title={The 2nd youtube-8m large-scale video understanding challenge},
  author={Lee, Joonseok and Reade, Walter and Sukthankar, Rahul and Toderici, George and others},
  booktitle={Proceedings of the European Conference on Computer Vision (ECCV)},
  pages={0--0},
  year={2018}
}
@article{abu2016youtube,
  title={Youtube-8m: A large-scale video classification benchmark},
  author={Abu-El-Haija, Sami and Kothari, Nisarg and Lee, Joonseok and Natsev, Paul and Toderici, George and Varadarajan, Balakrishnan and Vijayanarasimhan, Sudheendra},
  journal={arXiv preprint arXiv:1609.08675},
  year={2016}
}
@inproceedings{arandjelovic2016netvlad,
  title     = {NetVLAD: CNN architecture for weakly supervised place recognition},
  author    = {Arandjelovic, Relja and Gronat, Petr and Torii, Akihiko and Pajdla, Tomas and Sivic, Josef},
  booktitle = {Proceedings of the IEEE Conference on Computer Vision and Pattern Recognition},
  pages     = {5297--5307},
  year      = {2016}
}

@article{AVILA2013453,
  title    = {Pooling in image representation: The visual codeword point of view},
  journal  = {Computer Vision and Image Understanding},
  volume   = {117},
  number   = {5},
  pages    = {453 - 465},
  year     = {2013},
  issn     = {1077-3142},
  doi      = {https://doi.org/10.1016/j.cviu.2012.09.007},
  url      = {http://www.sciencedirect.com/science/article/pii/S1077314212001737},
  author   = {Sandra Avila and Nicolas Thome and Matthieu Cord and Eduardo Valle and Arnaldo de A. Araújo},
  keywords = {Image classification, Image representation, Pattern recognition, Bag-of-Words, Visual dictionary, Coding, Pooling, SVM},
}

@inproceedings{azevedo2014real,
  title        = {Real-time depth-image-based rendering for 3dtv using opencl},
  author       = {de Albuquerque Azevedo, Roberto Gerson and Ism{\'e}rio, Fernando and
      Raposo, Alberto Barbosa and Soares, Luiz Fernando Gomes},
  booktitle    = {International Symposium on Visual Computing},
  pages        = {97--106},
  year         = {2014},
  organization = {Springer}
}

@inproceedings{azevedo2016graphics,
  author    = {Roberto Gerson de Albuquerque Azevedo and Guilherme F. Lima},
  booktitle = {2016 3DTV-Conference: The True Vision - Capture, Transmission and
      Display of 3D Video (3DTV-CON)},
  title     = {A graphics composition architecture for multimedia applications based
      on layered-depth-image},
  year      = {2016},
  volume    = {},
  number    = {},
  pages     = {1-4},
  doi       = {10.1109/3DTV.2016.7548882},
  issn      = {2161-203X},
  month     = {July}
}

@inproceedings{barbosa2014towards,
  year      = {2014},
  month     = {May},
  title     = {Towards the Application of WebRTC Peer-to-Peer to Scale Live Video
      Streaming over the Internet},
  author    = {Flávio Ribeiro Nogueira Barbosa and Luiz Fernando Gomes Soares},
  doi       = {2177-496X},
  publisher = {SBC},
  edition   = {},
  volume    = {},
  state     = {Santa Catarina},
  pages     = {},
  series    = {Simpósio Brasileiro de Redes de Computadores},
  address   = {Florianópolis, Brasil}
}

@inproceedings{busson_videorecognition_2018,
  title     = {{VideoRecognition} - Uma proposta de serviço para reconhecimento de elementos de vídeo em larga escala},
  rights    = {All rights reserved},
  booktitle = {Anais do {XXIV} Simpósio Brasileiro de Sistemas Multimídia e Web: Workshop do {CT}-Vídeo (Comitê Técnico de Prospecção Tecnológica em Videocolaboração)},
  author    = {Busson, Antonio J G and Guedes, Álan L V and Santos, Gabriel N. P. dos and Neto, Carlos de Salles Soares and Milidiú, Ruy Luiz and Colcher, Sergio},
  date      = {2018},
  langid    = {portuguese}
}

@inproceedings{busson2018developing,
author    = {Busson, Antonio Jos{\'e} G. and de Figueiredo, Lucas Caracas and dos
Santos, Gabriel N. P. and de B. Damasceno, Andr{\'e} Luiz and Colcher,
S{\'e}rgio and Milidi\'{u}, Ruy},
title     = {Developing Deep Learning Models for Multimedia Applications in
    TensorFlow},
booktitle = {Proceedings of the 24th Brazilian Symposium on Multimedia and the
    Web},
series    = {WebMedia '18},
year      = {2018},
isbn      = {978-1-4503-5867-5},
location  = {Salvador, BA, Brazil},
pages     = {7--9},
numpages  = {3},
url       = {http://doi.acm.org/10.1145/3243082.3264605},
doi       = {10.1145/3243082.3264605},
acmid     = {3264605},
publisher = {ACM},
address   = {New York, NY, USA},
keywords  = {Deep Learning, Multimedia, TensorFlow}
}

@inproceedings{chen2018cascaded,
  title     = {Cascaded pyramid network for multi-person pose estimation},
  author    = {Chen, Yilun and Wang, Zhicheng and Peng, Yuxiang and Zhang, Zhiqiang and Yu, Gang and Sun, Jian},
  booktitle = {Proceedings of the IEEE Conference on Computer Vision and Pattern Recognition},
  year      = {2018}
}

@article{cho2014properties,
  title   = {On the properties of neural machine translation: Encoder-decoder approaches},
  author  = {Cho, Kyunghyun and Van Merri{\"e}nboer, Bart and Bahdanau, Dzmitry and Bengio, Yoshua},
  journal = {arXiv preprint arXiv:1409.1259},
  year    = {2014}
}


@incollection{ciuffo_mapeamento_2017,
  title     = {Mapeamento de soluções de videocolaboração da {RNP}},
  isbn      = {978-85-7669-381-9},
  pages     = {337--368},
  booktitle = {Anais do {XXIII} Simpósio Brasileiro de Sistemas Multimídia e Web: Workshop do {CT}-Vídeo (Comitê Técnico de Prospecção Tecnológica em Videocolaboração),},
  author    = {Ciuffo, Leandro and Cunha, Marcelino and de Andrade, Christian Miziara and Martins, Graciela Leopoldo and Faustino, Jean Carlo and Valle, Rafael and Vetter, Fausto and Nunes, Antônio Carlos and Vitorino, Helder},
  date      = {2017},
  langid    = {portuguese}
}


@misc{cog-gallery,
  title     = {Using Cognitive Services to make museum exhibits more compelling and track user behavior},
  author    = {Martin Kearn and Martin Beeby},
  publisher = {IBM Communications},
  year      = {2017},
  url       = {https://microsoft.github.io/techcasestudies/cognitive\%20services/2017/0\\8/04/BlackRadley.html},
  note      = {Accessed: 2018-05-18}
}

@article{cortes1995support,
  title     = {Support-vector networks},
  author    = {Cortes, Corinna and Vapnik, Vladimir},
  journal   = {Machine learning},
  volume    = {20},
  number    = {3},
  pages     = {273--297},
  year      = {1995},
  publisher = {Springer}
}

@inproceedings{damasceno_videoviz_2018,
  title     = {{VideoViz} - Uma proposta de ferramenta de visualização de logs de interação em players de vídeo},
  rights    = {All rights reserved},
  url       = {http://portaldeconteudo.sbc.org.br/index.php/webmedia_estendido/article/view/4078/4018},
  pages     = {4},
  booktitle = {Anais do {XXIV} Simpósio Brasileiro de Sistemas Multimídia e Web: Workshop do {CT}-Vídeo (Comitê Técnico de Prospecção Tecnológica em Videocolaboração)},
  author    = {Damasceno, André Luiz de B. and Guedes, Álan L. V. and Colcher, Sergio and Barbosa, Simone D. J. and Rabêlo, Dilson J. L. and Monier, Elza B.},
  date      = {2018},
  langid    = {portuguese}
}

@article{deng2009imagenet,
  title     = {Imagenet: A large-scale hierarchical image database},
  author    = {Deng, Jia and Dong, Wei and Socher, Richard and Li, Li-Jia and Li, Kai and Fei-Fei, Li},
  year      = {2009},
  publisher = {Ieee}
}

@inproceedings{gemmeke2017audio,
  title        = {Audio set: An ontology and human-labeled dataset for audio events},
  author       = {Gemmeke, Jort F and Ellis, Daniel PW and Freedman, Dylan and Jansen, Aren and Lawrence, Wade and Moore, R Channing and Plakal, Manoj and Ritter, Marvin},
  booktitle    = {2017 IEEE International Conference on Acoustics, Speech and Signal Processing (ICASSP)},
  pages        = {776--780},
  year         = {2017},
  organization = {IEEE}
}


@article{guedes2017extending,
  title     = {Extending multimedia languages to support multimodal user
      interactions},
  author    = {Guedes, {\'A}lan L{\'\i}vio Vasconcelos and de Albuquerque Azevedo,
      Roberto Gerson and Barbosa, Simone Diniz Junqueira},
  journal   = {Multimedia Tools and Applications},
  volume    = {76},
  number    = {4},
  pages     = {5691--5720},
  year      = {2017},
  publisher = {Springer}
}

@book{haykin2009neural,
  title     = {Neural networks and learning machines/Simon Haykin.},
  author    = {Haykin, Simon S and others},
  year      = {2009},
  publisher = {New York: Prentice Hall,}
}
@inproceedings{he2016deep,
  title     = {Deep residual learning for image recognition},
  author    = {He, Kaiming and Zhang, Xiangyu and Ren, Shaoqing and Sun, Jian},
  booktitle = {Proceedings of the IEEE conference on computer vision and pattern recognition},
  year      = {2016}
}

@misc{helpicto,
  title  = {Helpicto},
  author = {Equadex},
  year   = {2018},
  url    = {http://www.helpicto.com/},
  note   = {Accessed: 2018-05-18}
}

@inproceedings{hershey2017cnn,
  title        = {CNN architectures for large-scale audio classification},
  author       = {Hershey, Shawn and Chaudhuri, Sourish and Ellis, Daniel PW and Gemmeke, Jort F and Jansen, Aren and Moore, R Channing and Plakal, Manoj and Platt, Devin and Saurous, Rif A and Seybold, Bryan and others},
  booktitle    = {2017 ieee international conference on acoustics, speech and signal processing (icassp)},
  pages        = {131--135},
  year         = {2017},
  organization = {IEEE}
}


@article{hochreiter1997long,
  title     = {Long short-term memory},
  author    = {Hochreiter, Sepp and Schmidhuber, J{\"u}rgen},
  journal   = {Neural computation},
  volume    = {9},
  number    = {8},
  year      = {1997},
  publisher = {MIT Press}
}

@article{hu2017squeeze,
  title   = {Squeeze-and-excitation networks},
  author  = {Hu, Jie and Shen, Li and Sun, Gang},
  journal = {arXiv preprint arXiv:1709.01507},
  volume  = {7},
  year    = {2017}
}

@techreport{itu2014h761,
  author      = {ITU},
  institution = {{ITU}},
  title       = {H.761: Nested Context Language (NCL) and Ginga-NCL for IPTV Services},
  address     = {Geneva, Switzerland},
  publisher   = {ITU-T},
  month       = {Nov},
  year        = {2014}
}


@inproceedings{jegou2010aggregating,
  title        = {Aggregating local descriptors into a compact image representation},
  author       = {J{\'e}gou, Herv{\'e} and Douze, Matthijs and Schmid, Cordelia and P{\'e}rez, Patrick},
  booktitle    = {Computer Vision and Pattern Recognition (CVPR), 2010 IEEE Conference on},
  year         = {2010},
  organization = {IEEE}
}

@inproceedings{krizhevsky2012imagenet,
  title     = {Imagenet classification with deep convolutional neural networks},
  author    = {Krizhevsky, Alex and Sutskever, Ilya and Hinton, Geoffrey E},
  booktitle = {Advances in neural information processing systems},
  pages     = {1097--1105},
  year      = {2012}
}

@techreport{LFWTechUpdate,
  author      = {Gary B. Huang Erik Learned-Miller},
  title       = {Labeled Faces in the Wild: Updates and New Reporting
      Procedures},
  institution = {University of Massachusetts, Amherst},
  year        = 2014,
  number      = {UM-CS-2014-003},
  month       = {May}
}

@inproceedings{lin2014microsoft,
  title        = {Microsoft coco: Common objects in context},
  author       = {Lin, Tsung-Yi and Maire, Michael and Belongie, Serge and Hays, James and Perona, Pietro and Ramanan, Deva and Doll{\'a}r, Piotr and Zitnick, C Lawrence},
  booktitle    = {European conference on computer vision},
  pages        = {740--755},
  year         = {2014},
  organization = {Springer}
}

@article{mahadeokar2016open,
  title   = {Open sourcing a deep learning solution for detecting NSFW images},
  author  = {Mahadeokar, Jay and Pesavento, Gerry},
  journal = {Retrieved August},
  volume  = {24},
  pages   = {2018},
  year    = {2016}
}

@article{mallmann_ppcensor_2020,
title      = {{PPCensor}: {Architecture} for real-time pornography detection in video streaming},
issn       = {0167-739X},
shorttitle = {{PPCensor}},
url        = {http://www.sciencedirect.com/science/article/pii/S0167739X19331073},
doi        = {10.1016/j.future.2020.06.017},
language   = {en},
urldate    = {2020-06-23},
journal    = {Future Generation Computer Systems},
author     = {Mallmann, Jackson and Santin, Altair Olivo and Viegas, Eduardo Kugler and dos Santos, Roger Robson and Geremias, Jhonatan},
month      = jun,
year       = {2020}
}

@article{miech2017learnable,
  title   = {Learnable pooling with Context Gating for video classification},
  author  = {Miech, Antoine and Laptev, Ivan and Sivic, Josef},
  journal = {arXiv preprint arXiv:1706.06905},
  year    = {2017}
}


@article{moreira_pornography_2016,
title      = {Pornography {Classification}: {The} {Hidden} {Clues} in {Video} {Space}-{Time}},
volume     = {268},
shorttitle = {Pornography {Classification}},
doi        = {10.1016/j.forsciint.2016.09.010},
journal    = {Forensic Science International},
author     = {Moreira, Daniel and Avila, Sandra and Perez, Mauricio and Moraes, Daniel and Testoni, Vanessa and Valle, Eduardo and Goldenstein, Siome and Rocha, Anderson},
month      = nov,
year       = {2016},
pages      = {46--61}
}

@article{netvlad,
  title   = {Learnable pooling with context gating for video classification},
  author  = {Miech, Antoine and Laptev, Ivan and Sivic, Josef},
  journal = {arXiv preprint arXiv:1706.06905},
  year    = {2017}
}


@inproceedings{newell2016stacked,
  title        = {Stacked hourglass networks for human pose estimation},
  author       = {Newell, Alejandro and Yang, Kaiyu and Deng, Jia},
  booktitle    = {European Conference on Computer Vision},
  year         = {2016},
  organization = {Springer}
}

@article{oord2016wavenet,
  title   = {Wavenet: A generative model for raw audio},
  author  = {Oord, Aaron van den and Dieleman, Sander and Zen, Heiga and Simonyan, Karen and Vinyals, Oriol and Graves, Alex and Kalchbrenner, Nal and Senior, Andrew and Kavukcuoglu, Koray},
  journal = {arXiv preprint arXiv:1609.03499},
  year    = {2016}
}

@article{opticalflow,
  title     = {Determining optical flow},
  author    = {Horn, Berthold KP and Schunck, Brian G},
  journal   = {Artificial intelligence},
  volume    = {17},
  number    = {1-3},
  pages     = {185--203},
  year      = {1981},
  publisher = {Elsevier}
}

@article{ota2017deep,
  title     = {Deep learning for mobile multimedia: A survey},
  author    = {Ota, Kaoru and Dao, Minh Son and Mezaris, Vasileios and De Natale, Francesco GB},
  journal   = {ACM Transactions on Multimedia Computing, Communications, and Applications (TOMM)},
  volume    = {13},
  number    = {3s},
  pages     = {34},
  year      = {2017},
  publisher = {ACM}
}

@article{peterson2009k,
  title   = {K-nearest neighbor},
  author  = {Peterson, Leif E},
  journal = {Scholarpedia},
  volume  = {4},
  number  = {2},
  pages   = {1883},
  year    = {2009}
}

@inproceedings{redmon2016you,
  title     = {You only look once: Unified, real-time object detection},
  author    = {Redmon, Joseph and Divvala, Santosh and Girshick, Ross and Farhadi, Ali},
  booktitle = {Proceedings of the IEEE conference on computer vision and pattern recognition},
  pages     = {779--788},
  year      = {2016}
}


% telemidia papers

@article{redmon2018yolov3,
  title   = {Yolov3: An incremental improvement},
  author  = {Redmon, Joseph and Farhadi, Ali},
  journal = {arXiv preprint arXiv:1804.02767},
  year    = {2018}
}

@inproceedings{ren2015faster,
  title     = {Faster r-cnn: Towards real-time object detection with region proposal networks},
  author    = {Ren, Shaoqing and He, Kaiming and Girshick, Ross and Sun, Jian},
  booktitle = {Advances in neural information processing systems},
  year      = {2015}
}

@article{russakovsky2015imagenet,
  title     = {Imagenet large scale visual recognition challenge},
  author    = {Russakovsky, Olga and Deng, Jia and Su, Hao and Krause, Jonathan and Satheesh, Sanjeev and Ma, Sean and Huang, Zhiheng and Karpathy, Andrej and Khosla, Aditya and Bernstein, Michael and others},
  journal   = {International Journal of Computer Vision},
  volume    = {115},
  number    = {3},
  year      = {2015},
  publisher = {Springer}
}


@inproceedings{sanzgiri_classifying_2018,
  title     = {Classifying {Sensitive} {Content} in {Online} {Advertisements} with {Deep} {Learning}},
  doi       = {10.1109/DSAA.2018.00056},
  booktitle = {2018 {IEEE} 5th {International} {Conference} on {Data} {Science} and {Advanced} {Analytics} ({DSAA})},
  author    = {Sanzgiri, Ashutosh and Austin, Daniel and Sankaran, Kannan and Woodard, Ryan and Lissack, Amit and Seljan, Sam},
  month     = oct,
  year      = {2018},
  pages     = {434--441}
}

@inproceedings{schroff2015facenet,
  title     = {Facenet: A unified embedding for face recognition and clustering},
  author    = {Schroff, Florian and Kalenichenko, Dmitry and Philbin, James},
  booktitle = {Proceedings of the IEEE conference on computer vision and pattern recognition},
  year      = {2015}
}
@article{soares2010ginga,
  author  = {L. F. Gomes Soares and M. F. Moreno and C. D. Salles Soares Neto and
      M. F. Moreno},
  journal = {IEEE Communications Magazine},
  title   = {Ginga-NCL: Declarative middleware for multimedia IPTV services},
  year    = {2010},
  volume  = {48},
  number  = {6},
  pages   = {74-81},
  doi     = {10.1109/MCOM.2010.5473867},
  issn    = {0163-6804},
  month   = {June}
}

@article{song2018pornographic,
  title   = {Pornographic Video Detection Scheme Using Multimodal Features},
  author  = {Song, Kwang Ho and Kim, Yoo-Sung},
  journal = {Journal of Engineering and Applied Sciences},
  volume  = {13},
  number  = {5},
  pages   = {1174--1182},
  year    = {2018}
}

@inproceedings{szegedy2015going,
  title     = {Going deeper with convolutions},
  author    = {Szegedy, Christian and Liu, Wei and Jia, Yangqing and Sermanet, Pierre and Reed, Scott and Anguelov, Dragomir and Erhan, Dumitru and Vanhoucke, Vincent and Rabinovich, Andrew},
  booktitle = {Proceedings of the IEEE conference on computer vision and pattern recognition},
  year      = {2015}
}

@inproceedings{szegedy2016rethinking,
  title     = {Rethinking the inception architecture for computer vision},
  author    = {Szegedy, Christian and Vanhoucke, Vincent and Ioffe, Sergey and Shlens, Jon and Wojna, Zbigniew},
  booktitle = {Proceedings of the IEEE Conference on Computer Vision and Pattern Recognition},
  year      = {2016}
}
@inproceedings{szegedy2017inception,
  title     = {Inception-v4, inception-resnet and the impact of residual connections on learning.},
  author    = {Szegedy, Christian and Ioffe, Sergey and Vanhoucke, Vincent and Alemi, Alexander A},
  booktitle = {AAAI},
  volume    = {4},
  year      = {2017}
}

@inproceedings{tan2018survey,
  title        = {A survey on deep transfer learning},
  author       = {Tan, Chuanqi and Sun, Fuchun and Kong, Tao and Zhang, Wenchang and Yang, Chao and Liu, Chunfang},
  booktitle    = {International Conference on Artificial Neural Networks},
  pages        = {270--279},
  year         = {2018},
  organization = {Springer}
}


@inproceedings{tang2018non,
  title        = {Non-local netVLAD encoding for video classification},
  author       = {Tang, Yongyi and Zhang, Xing and Wang, Jingwen and Chen, Shaoxiang and Ma, Lin and Jiang, Yu-Gang},
  booktitle    = {European Conference on Computer Vision},
  year         = {2018},
  organization = {Springer}
}

@article{targ2016resnet,
  title   = {Resnet in Resnet: generalizing residual architectures},
  author  = {Targ, Sasha and Almeida, Diogo and Lyman, Kevin},
  journal = {arXiv preprint arXiv:1603.08029},
  year    = {2016}
}

@mastersthesis{torres2018automatic,
  title  = {Automatic flagging of offensive video content using Deep Learning},
  author = {Torres Castro, Manuel},
  year   = {2018},
  school = {Universitat Polit{\`e}cnica de Catalunya}
}

@article{twinanda2016endonet,
  title     = {Endonet: a deep architecture for recognition tasks on laparoscopic videos},
  author    = {Twinanda, Andru P and Shehata, Sherif and Mutter, Didier and Marescaux, Jacques and De Mathelin, Michel and Padoy, Nicolas},
  journal   = {IEEE transactions on medical imaging},
  volume    = {36},
  number    = {1},
  pages     = {86--97},
  year      = {2016},
  publisher = {IEEE}
}

@article{vgg,
  title   = {Very deep convolutional networks for large-scale image recognition},
  author  = {Simonyan, Karen and Zisserman, Andrew},
  journal = {arXiv preprint arXiv:1409.1556},
  year    = {2014}
}

@incollection{vgg-audio,
  title     = {CNN Architectures for Large-Scale Audio Classification},
  author    = {Shawn Hershey and Sourish Chaudhuri and Daniel P. W. Ellis and Jort F. Gemmeke and Aren Jansen and Channing Moore and Manoj Plakal and Devin Platt and Rif A. Saurous and Bryan Seybold and Malcolm Slaney and Ron Weiss and Kevin Wilson},
  year      = {2017},
  url       = {https://arxiv.org/abs/1609.09430},
  booktitle = {International Conference on Acoustics, Speech and Signal Processing (ICASSP)}
}


@article{song2020enhanced,
  title={An Enhanced Multimodal Stacking Scheme for Online Pornographic Content Detection},
  author={Song, Kwangho and Kim, Yoo-Sung},
  journal={Applied Sciences},
  volume={10},
  number={8},
  pages={2943},
  year={2020},
  publisher={Multidisciplinary Digital Publishing Institute}
}

@article{wehrmann2018adult,
  title     = {Adult content detection in videos with convolutional and recurrent neural networks},
  author    = {Wehrmann, J{\^o}natas and Sim{\~o}es, Gabriel S and Barros, Rodrigo C and Cavalcante, Victor F},
  journal   = {Neurocomputing},
  volume    = {272},
  pages     = {432--438},
  year      = {2018},
  publisher = {Elsevier}
}
@article{wang2019porn,
  title={Porn Streamer Recognition in Live Video Streaming via Attention-Gated Multimodal Deep Features},
  author={Wang, Liyuan and Zhang, Jing and Tian, Qi and Li, Chenhao and Zhuo, Li},
  journal={IEEE Transactions on Circuits and Systems for Video Technology},
  year={2019},
  publisher={IEEE}
}

@inproceedings{xiao2018simple,
  title     = {Simple baselines for human pose estimation and tracking},
  author    = {Xiao, Bin and Wu, Haiping and Wei, Yichen},
  booktitle = {Proceedings of the European Conference on Computer Vision (ECCV)},
  year      = {2018}
}
@article{liu2020analyzing,
  title={Analyzing periodicity and saliency for adult video detection},
  author={Liu, Yizhi and Gu, Xiaoyan and Huang, Lei and Ouyang, Junlin and Liao, Miao and Wu, Liangran},
  journal={Multimedia Tools and Applications},
  volume={79},
  number={7},
  pages={4729--4745},
  year={2020},
  publisher={Springer}
}

@misc{yv-ibm,
  title     = {Use cases for industry cognitive solutions},
  author    = {Mathews Thomas, Janki Vora, Julio Wong, and Satish Sadagopan},
  publisher = {IBM Cognitive advantage reports},
  year      = {2016},
  url       = {https://www.ibm.com/developerworks/library/cc-cognitive-media-telco-2-trs/index.html},
  note      = {Accessed: 2018-05-18}
}